<record><leader>01783cam a2200457 i 4500</leader><controlfield tag="001">6791930</controlfield><controlfield tag="003">OCoLC</controlfield><controlfield tag="005">20150127145555.0</controlfield><controlfield tag="006">m     o  d        </controlfield><controlfield tag="007">cr cnu|||unuuu</controlfield><controlfield tag="008">141216s2015    nyua    ob    001 0 eng d</controlfield><datafield ind1=" " ind2=" " tag="020"><subfield code="a">9781603272438</subfield><subfield code="q">electronic bk.</subfield></datafield><datafield ind1=" " ind2=" " tag="020"><subfield code="a">1603272437</subfield><subfield code="q">electronic bk.</subfield></datafield><datafield ind1=" " ind2=" " tag="020"><subfield code="z">9781603272421</subfield></datafield><datafield ind1=" " ind2=" " tag="035"><subfield code="a">ocn898176603</subfield></datafield><datafield ind1=" " ind2=" " tag="039"><subfield code="a">exclude</subfield></datafield><datafield ind1=" " ind2=" " tag="040"><subfield code="a">N$T</subfield><subfield code="b">eng</subfield><subfield code="e">rda</subfield><subfield code="e">pn</subfield><subfield code="c">N$T</subfield><subfield code="d">N$T</subfield><subfield code="d">GW5XE</subfield><subfield code="d">AEU</subfield></datafield><datafield ind1=" " ind2="4" tag="050"><subfield code="a">RJ466</subfield></datafield><datafield ind1=" " ind2="7" tag="072"><subfield code="a">MED</subfield><subfield code="x">033000</subfield><subfield code="2">bisacsh</subfield></datafield><datafield ind1="0" ind2="4" tag="082"><subfield code="a">618.926</subfield><subfield code="2">23</subfield></datafield><datafield ind1=" " ind2=" " tag="090"><subfield code="a">Internet Access</subfield><subfield code="b">AEU</subfield></datafield><datafield ind1="0" ind2="0" tag="245"><subfield code="a">Pediatric urology for the primary care physician /</subfield><subfield code="c">Ronald Rabinowitz, William C. Hulbert, Robert A. Mevorach, editors.</subfield></datafield><datafield ind1=" " ind2="1" tag="264"><subfield code="a">New York :</subfield><subfield code="b">Humana Press,</subfield><subfield code="c">[2015]</subfield></datafield><datafield ind1=" " ind2="4" tag="264"><subfield code="c">&#169;2015</subfield></datafield><datafield ind1=" " ind2=" " tag="300"><subfield code="a">1 online resource (xix, 351 pages) :</subfield><subfield code="b">illustrations (some color)</subfield></datafield><datafield ind1=" " ind2=" " tag="336"><subfield code="a">text</subfield><subfield code="b">txt</subfield><subfield code="2">rdacontent</subfield></datafield><datafield ind1=" " ind2=" " tag="337"><subfield code="a">computer</subfield><subfield code="b">c</subfield><subfield code="2">rdamedia</subfield></datafield><datafield ind1=" " ind2=" " tag="338"><subfield code="a">online resource</subfield><subfield code="b">cr</subfield><subfield code="2">rdacarrier</subfield></datafield><datafield ind1="1" ind2=" " tag="490"><subfield code="a">Current Clinical Urology,</subfield><subfield code="x">2197-7194</subfield></datafield><datafield ind1=" " ind2=" " tag="504"><subfield code="a">Includes bibliographical references and index.</subfield></datafield><datafield ind1=" " ind2=" " tag="506"><subfield code="a">Access restricted to authorized users and institutions.</subfield></datafield><datafield ind1=" " ind2=" " tag="588"><subfield code="a">Description based on online resource ; title from PDF title page (EBSCO; viewed on December 23, 2014).</subfield></datafield><datafield ind1=" " ind2=" " tag="596"><subfield code="a">44</subfield></datafield><datafield ind1=" " ind2="0" tag="650"><subfield code="a">Pediatric urology.</subfield></datafield><datafield ind1="1" ind2=" " tag="700"><subfield code="a">Rabinowitz, Ronald,</subfield><subfield code="e">editor.</subfield></datafield><datafield ind1="1" ind2=" " tag="700"><subfield code="a">Hulbert, William C.,</subfield><subfield code="e">editor.</subfield></datafield><datafield ind1="1" ind2=" " tag="700"><subfield code="a">Mevorach, Robert A.,</subfield><subfield code="e">editor.</subfield></datafield><datafield ind1=" " ind2="0" tag="830"><subfield code="a">Current clinical urology.</subfield></datafield><datafield ind1="4" ind2="0" tag="856"><subfield code="3">University of Alberta Access</subfield><subfield code="u">http://dx.doi.org/10.1007/978-1-60327-243-8</subfield><subfield code="z">(Unlimited Concurrent Users)</subfield></datafield><datafield ind1=" " ind2=" " tag="949"><subfield code="h">UAIN</subfield><subfield code="z">SPRINGER</subfield></datafield><datafield ind1=" " ind2=" " tag="926"><subfield code="a">Internet Access</subfield><subfield code="w">LC</subfield><subfield code="c">1</subfield><subfield code="i">6791930-1001</subfield><subfield code="l">INTERNET</subfield><subfield code="m">UAINTERNET</subfield><subfield code="r">Y</subfield><subfield code="s">Y</subfield><subfield code="t">E-RESOURCE</subfield><subfield code="u">1/29/2015</subfield><subfield code="x">E-BOOK</subfield><subfield code="z">SPRINGER</subfield></datafield></record>